@inproceedings{CONTROLLO:1,
  title={A smooth control law for graceful motion of differential wheeled mobile robots in 2D environment},
  author={Park, Jong Jin and Kuipers, Benjamin},
  booktitle={2011 IEEE International Conference on Robotics and Automation},
  pages={4896--4902},
  year={2011},
  organization={IEEE}
}

@ARTICLE{ROS:2,
title={ROS 2 Documentation},
author={ROS 2},
year={2020},
url={https://index.ros.org/doc/ros2/},
}
@ARTICLE{TURTLEBOT:3,
title={ROBOTIS E-Manual},
author={TurtleBot3},
year={2020},
url={https://emanual.robotis.com/docs/en/platform/turtlebot3/overview/},
}
@ARTICLE{GAZEBO:4,
title={Gazebo : Tutorial : Gazebo Components},
author={Gazebo},
year={2020},
url={http://gazebosim.org/tutorials?tut=components&cat=get_started},
}
@ARTICLE{URDF:4,
title={xacro - ROS Wiki},
author={Gazebo},
year={2020},
url={xacro - ROS Wiki},
}


